<record><leader>00000cas a2200000 a 4500</leader><controlfield tag="001">18722748</controlfield><controlfield tag="008">881108c19879999pauwr ne      0   a0eng c</controlfield><datafield ind1=" " ind2=" " tag="010"><subfield code="a">sn 93007247 </subfield></datafield><datafield ind1=" " ind2=" " tag="040"><subfield code="a">PHA</subfield><subfield code="b">eng</subfield><subfield code="c">PHA</subfield><subfield code="d">NSD</subfield><subfield code="d">OCLCQ</subfield></datafield><datafield ind1=" " ind2=" " tag="012"><subfield code="m">0</subfield></datafield><datafield ind1="1" ind2=" " tag="022"><subfield code="a">1068-5677</subfield><subfield code="l">1068-5677</subfield><subfield code="2">1</subfield></datafield><datafield ind1="1" ind2=" " tag="029"><subfield code="a">AU@</subfield><subfield code="b">000025855107</subfield></datafield><datafield ind1=" " ind2=" " tag="037"><subfield code="b">The Sunday Review, 116 Main St., Towanda, PA 18848-1843</subfield></datafield><datafield ind1=" " ind2=" " tag="042"><subfield code="a">nsdp</subfield><subfield code="a">pcc</subfield></datafield><datafield ind1="0" ind2=" " tag="130"><subfield code="a">Sunday review (Towanda, Pa.)</subfield></datafield><datafield ind1=" " ind2="4" tag="222"><subfield code="a">The Sunday review</subfield><subfield code="b">(Towanda, Pa.)</subfield></datafield><datafield ind1="0" ind2="4" tag="245"><subfield code="a">The Sunday review.</subfield></datafield><datafield ind1=" " ind2=" " tag="260"><subfield code="a">Towanda, Pa. :</subfield><subfield code="b">J.E. Towner,</subfield><subfield code="c">1987-</subfield></datafield><datafield ind1=" " ind2=" " tag="300"><subfield code="a">v. :</subfield><subfield code="b">ill.</subfield></datafield><datafield ind1=" " ind2=" " tag="310"><subfield code="a">Weekly</subfield></datafield><datafield ind1="0" ind2=" " tag="362"><subfield code="a">1st yr., no. 1 (Sept. 13, 1987)-</subfield></datafield><datafield ind1=" " ind2=" " tag="500"><subfield code="a">Publisher varies: Towanda Printing Co., &lt;June 28, 1992-&gt;</subfield></datafield><datafield ind1=" " ind2=" " tag="580"><subfield code="a">Daily edition entitled: The Daily review.</subfield></datafield><datafield ind1=" " ind2=" " tag="752"><subfield code="a">United States</subfield><subfield code="b">Pennsylvania</subfield><subfield code="c">Bradford</subfield><subfield code="d">Towanda.</subfield></datafield><datafield ind1="1" ind2=" " tag="775"><subfield code="t">Daily review (Towanda, Pa.)</subfield><subfield code="w">(OCoLC)13547564.</subfield></datafield><datafield ind1=" " ind2=" " tag="936"><subfield code="a">5th year, no. 251 (June 28, 1992) LIC</subfield></datafield></record>